@STRING{accessed = "Accessed " # sep # " 2010"}

@ARTICLE{Gru93,
    AUTHOR       = {Thomas R. Gruber},
    TITLE        = {{A} {Translation} {Approach} to {Portable} {Ontology} {Specifications}},
    JOURNAL      = {Knowledge Acquisition},
    YEAR         = 1993,
    VOLUME       = 5,
    NUMBER       = 2,
    PAGES        = {199-220},
    MONTH        = jun
}

@MISC{Arv08,
    AUTHOR       = {F. Arvidsson and A. Flycht-Eriksson},
    TITLE        = {{O}ntologies {I}},
    YEAR         = 2008,
    MONTH        = nov
}

@MANUAL{OWLGuide,
    TITLE        = {{A} {Practical} {Guide} {To} {Building} {OWL} {Ontologies} {Using} {Protégé} 4 and {CO-ODE} {Tools}},
    AUTHOR       = {Matthew Horridge},
    ORGANIZATION = {The University Of Manchester},
    EDITION      = {1.2},
    MONTH        = mar,
    YEAR         = 2009
}

@MISC{ProtegeHome,
    TITLE        = {{Protégé} home page},
    HOWPUBLISHED = {\url{http://protege.stanford.edu/}},
    NOTE         = accessed
}

@MISC{ProtegeWiki,
    TITLE        = {{Protégé} wiki page},
    HOWPUBLISHED = {\url{http://protegewiki.stanford.edu/}},
    NOTE         = accessed
}

@MISC{SunHome,
    TITLE        = {{Sun} home page},
    HOWPUBLISHED = {\url{http://java.sun.com/}},
    NOTE         = accessed
}

@MISC{CasestudioHome,
    TITLE        = {{Toad} {Data} {Modeler}},
    HOWPUBLISHED = {\url{http://www.casestudio.com/enu/default.aspx}},
    NOTE         = accessed
}

@ARTICLE{Wei76,
    AUTHOR       = {Karl Weick},
    TITLE        = {{Educational} organizations as loosely coupled systems},
    JOURNAL      = {Administrative Science Quarterly},
    YEAR         = 1976,
    VOLUME       = 21,
    PAGES        = {1-9}
}

@MISC{PostgresDocs,
    TITLE        = {{PostgreSQL} documentation},
    HOWPUBLISHED = {\url{http://www.postgresql.org/docs/8.4/static/index.html}},
    NOTE         = accessed
}

@MISC{PostgresHome,
    TITLE        = {{PostgreSQL} home page},
    HOWPUBLISHED = {\url{http://www.postgresql.org/}},
    NOTE         = accessed
}

@MISC{HibernateHome,
    TITLE        = {{Hibernate} home page},
    HOWPUBLISHED = {\url{http://www.hibernate.org/}},
    NOTE         = accessed
}

@MISC{HibernateDocs,
    TITLE        = {{Hibernate} documentation},
    HOWPUBLISHED = {\url{http://docs.jboss.org/hibernate/stable/core/reference/en/html/}},
    NOTE         = accessed
}

@MISC{SpringMVCSunBlueprints,
    TITLE        = {{SpringMVC} {Java} {BluePrints}},
    HOWPUBLISHED = {\url{http://java.sun.com/blueprints/patterns/MVC.html}},
    NOTE         = accessed
}

@MISC{Ree78,
    AUTHOR       = {Trygve Reenskaug},
    TITLE        = {{MVC} {XEROX} {PARC} 1978-79}
}

@BOOK{Mar08,
    AUTHOR		 = {Robert C. Martin and Micah Martin},
    TITLE		 = {{Agile} {Principles}, {Patterns}, and {Practices} in {C\#}},
    PUBLISHER	 = {Helion},
    YEAR		 = 2008
}

@MISC{SpringHome,
    TITLE        = {{Spring} home page},
    HOWPUBLISHED = {\url{http://www.springsource.org/}},
    NOTE         = accessed
}

@MISC{JSPHome,
    TITLE        = {{JavaServer} {Pages} home page},
    HOWPUBLISHED = {\url{http://java.sun.com/products/jsp/}},
    NOTE         = accessed
}

@MISC{jQueryHome,
    TITLE        = {{jQuery} home page},
    HOWPUBLISHED = {\url{http://jquery.com/}},
    NOTE         = accessed
}

@MISC{jQueryUsageStatistics,
    TITLE        = {{jQuery} usage statistics},
    HOWPUBLISHED = {\url{http://trends.builtwith.com/javascript/jquery/}},
    NOTE         = accessed
}

@MISC{UsageOfJavaScriptForWebsites,
    TITLE        = {{Usage} of {JavaScript} libraries for websites},
    HOWPUBLISHED = {\url{http://w3techs.com/technologies/overview/javascript_library/all/}},
    NOTE         = accessed
}

@MISC{OWLAPIHome,
    TITLE        = {{OWL} {API} home page},
    HOWPUBLISHED = {\url{http://owlapi.sourceforge.net/}},
    NOTE         = accessed
}

@TECHREPORT{Hor09,
    AUTHOR       = {Matthew Horridge and Sean Bechhofer},
    TITLE        = {{The} {OWL} {API}: {A} {Java} {API} for {Working} with {OWL} 2 {Ontologies}},
    INSTITUTION  = {The University of Manchester, UK},
    YEAR         = 2009,
    MONTH        = oct,
    NOTE         = {6th OWL Experienced and Directions Workshop, Chantilly, Virginia}
}

@MISC{HermiTHome,
    TITLE        = {{HermiT} reasoner home page},
    HOWPUBLISHED = {\url{http://hermit-reasoner.com/}},
    NOTE         = accessed
}

@MISC{Log4jHome,
    TITLE        = {{Log4j} home page},
    HOWPUBLISHED = {\url{http://logging.apache.org/log4j/}},
    NOTE         = accessed
}

@MISC{MavenHome,
    TITLE        = {{Maven} home page},
    HOWPUBLISHED = {\url{http://maven.apache.org/}},
    NOTE         = accessed
}

@MANUAL{OntDev101,
    TITLE        = {{Ontology} {Development} 101: {A} {Guide} to {Creating} {Your} {First} {Ontology}},
    AUTHOR       = {Natalya F. Noy and Deborah L. McGuinness},
    ORGANIZATION = {Stanford University},
    ADDRESS      = {Stanford, CA, 94305}
}

@MISC{KSL,
    TITLE        = {{Why} {Develop} an {Ontology}?},
    HOWPUBLISHED = {\url{http://www-ksl-svc.stanford.edu:5915/doc/frame-editor/guided-tour/why-develop-an-ontology.html}},
    NOTE         = accessed
}

@MANUAL{FoxGru,
    TITLE        = {{Enterprise} {Modeling}},
    AUTHOR       = {Mark S. Fox and Michael Gruninger},
    ORGANIZATION = {The American Association for Artificial Intelligence},
    ADDRESS      = {445 Burgess Drive Menlo Park, California 94025}
}

@MANUAL{OntDrivDev,
    TITLE        = {{Ontology-Driven} {Software} {Development} in the {Context} of the {Semantic} {Web}: {An} {Example} {Scenario} with {Protégé}/{OWL}},
    AUTHOR       = {Holger Knublauch},
    ORGANIZATION = {Stanford Medical Informatics, Stanford University},
    ADDRESS      = {Stanford, CA, 94305}
}

@MISC{AgileManifesto,
    TITLE        = {{Manifesto} for {Agile} {Software} {Development}},
    HOWPUBLISHED = {\url{http://agilemanifesto.org/}},
    NOTE         = accessed
}

@BOOK{HLP08,
    AUTHOR       = {Frank van Harmelen and Vladimir Lifschitz and Bruce Porter},
    TITLE        = {{Handbook} of {Knowledge} {Representation} ({Foundations} of {Artificial} {Intelligence})},
    PUBLISHER    = {Elsevier B.V.},
    YEAR         = 2008,
    EDITION      = 1
}

@MISC{M2EclipseHome,
    TITLE        = {{M2Eclipse} home page},
    HOWPUBLISHED = {\url{http://m2eclipse.sonatype.org/}},
    NOTE         = accessed
}

@MISC{MavenStandardLayout,
    TITLE        = {{Introduction} to the {Standard} {Directory} {Layout} for {Maven}},
    HOWPUBLISHED = {\url{http://maven.apache.org/guides/introduction/introduction-to-the-standard-directory-layout.html}},
    NOTE         = accessed
}

@MISC{GJNSemWeb,
    AUTHOR       = {Grzegorz J. Nalepa},
    TITLE        = {{Semantic} {Web}},
    NOTE         = {Presentation at Institute of Automatics, AGH University of Science and Technology, Poland}
}

@TECHREPORT{RDFPrimer,
    AUTHOR       = {Eric Miller and Frank Manola},
    TITLE        = {{RDF} {Primer}},
    MONTH        = feb,
    NOTE         = {\url{http://www.w3.org/TR/2004/REC-rdf-primer-20040210/}},
    YEAR         = 2004,
    BIBSOURCE    = {\url{http://w2.syronex.com/jmr/w3c-biblio/}},
    TYPE         = {{W3C} {Recommendation}},
    INSTITUTION  = {W3C}
}

@TECHREPORT{RDFSchema,
    AUTHOR       = {Ramanathan V. Guha and Dan Brickley},
    TITLE        = {{RDF} {Vocabulary} {Description} {Language} 1.0: {RDF} {Schema}},
    MONTH        = feb,
    NOTE         = {\url{http://www.w3.org/TR/2004/REC-rdf-schema-20040210/}},
    YEAR         = 2004,
    BIBSOURCE    = {\url{http://w2.syronex.com/jmr/w3c-biblio/}},
    TYPE         = {{W3C} {Recommendation}},
    INSTITUTION  = {W3C}
}

@MISC{SemWebIntro,
    TITLE        = {{Introduction} to {Ontologies} and {Semantic} {Web}},
    HOWPUBLISHED = {\url{http://obitko.com/tutorials/ontologies-semantic-web/}},
    NOTE         = accessed
}

@TECHREPORT{W3CXML,
    AUTHOR       = {Tim Bray and Jean Paoli and Eve Maler and François Yergeau and C. M. Sperberg-McQueen},
    TITLE        = {{Extensible} {Markup} {Language} ({XML}) 1.0 ({Fifth} {Edition})},
    MONTH        = nov,
    NOTE         = {\url{http://www.w3.org/TR/2008/REC-xml-20081126/}},
    YEAR         = 2008,
    BIBSOURCE    = {\url{http://w2.syronex.com/jmr/w3c-biblio/}},
    TYPE         = {{W3C Recommendation}},
    INSTITUTION  = {W3C}
}

@MISC{W3SchoolsXML,
    TITLE        = {{XML} tutorial},
    HOWPUBLISHED = {\url{http://www.w3schools.com/xml/}},
    NOTE         = accessed
}

@BOOK{CLR90,
    AUTHOR       = {Thomas H. Cormen, Charles E. Leiserson, Ronald L. Rivest},
    TITLE        = {{Introduction} to {Algorithms}},
    PUBLISHER    = {The MIT Press and McGraw-Hill},
    YEAR         = 1990,
    VOLUME       = 1
}

@TECHREPORT{W3COWL,
    AUTHOR       = {{W3C OWL Working Group}},
    TITLE        = {{OWL} 2 {Web} {Ontology} {Language} {Document} {Overview}},
    MONTH        = oct,
    NOTE         = {\url{http://www.w3.org/TR/2009/REC-owl2-overview-20091027/}},
    YEAR         = 2009,
    BIBSOURCE    = {\url{http://w2.syronex.com/jmr/w3c-biblio}},
    INSTITUTION  = {W3C}
}

@MISC{W3SchoolsOWL,
    TITLE        = {{Introduction} to {OWL}},
    HOWPUBLISHED = {\url{http://www.w3schools.com/RDF/rdf_owl.asp}},
    NOTE         = accessed
}

@BOOK{BCM03,
    AUTHOR       = {Franz Baader and Diego Calvanese and Deborah McGuinness and Daniele Nardi and Peter Patel-Schneider},
    TITLE        = {{The} {Description} {Logic} {Handbook}: {Theory}, implementation, and applications},
    PUBLISHER    = {Cambridge University Press},
    YEAR         = 2003
}

@PHDTHESIS{Hor97,
    AUTHOR       = {Ian R. Horrocks},
    TITLE        = {{Optimising} {Tableaux} {Decision} {Procedures} {For} {Description Logics}},
    SCHOOL       = {University of Manchester},
    YEAR         = 1997
}

@MISC{HorSSF,
    AUTHOR       = {Ian R. Horrocks},
    TITLE        = {{Semantic} {Web}: {The} {Story} {So} {Far}},
    NOTE	     = {University of Manchester, Manchester, UK}
}

@TECHREPORT{UCEReport,
    AUTHOR       = {Aaron Kershenbaum and Achille Fokoue and Chintan Patel and Christopher Welty and Edith Schonberg and James Cimino and Li Ma and Kavitha Srinivas and Robert Schloss and J William Murdock},
    TITLE        = {{A} {View} of {OWL} from the {Field}: {Use} cases and {Experiences}},
    INSTITUTION  = {IBM T. J. Watson Research Lab, Hawthorne, USA and IBM China Research Lab, Beijing, China and Department of Biomedical Informatics, Columbia University, New York, USA},
    YEAR         = 2006
}

@MISC{PWGB,
    AUTHOR       = {Pieter W. Groenendijk},
    TITLE        = {{Wordpress} blog},
    HOWPUBLISHED = {\url{http://pietergroenendijk.wordpress.com/}},
    NOTE         = accessed
}

@MISC{SemWebTutorial,
    TITLE        = {{Semantic} {Web} tutorial},
    HOWPUBLISHED = {\url{http://www.w3schools.com/semweb/default.asp/}},
    NOTE         = accessed
}

@BOOK{BLF99,
    AUTHOR       = {Tim Berners-Lee and Mark Fischetti},
    TITLE        = {{Weaving} the {Web}: {The} {Past}, {Present} and {Future} of the {World} {Wide} {Web} by its {Inventor}},
    PUBLISHER    = {Britain: Orion Business},
    YEAR         = 1999
}

@MISC{SemWebActivity,
    TITLE        = {{W3C} {Semantic} {Web} {Activity}},
    HOWPUBLISHED = {\url{http://www.w3.org/2001/sw/}},
    NOTE         = accessed
}

@ARTICLE{BHL01,
    AUTHOR       = {Tim Berners-Lee and James Hendler and Ora Lassila},
    TITLE        = {{The} {Semantic} {Web}},
    JOURNAL      = {Scientific American},
    YEAR         = 2001
}
